@online{ORACLE_GC_BASICS,
    author = "Oracle",
    title = "Java Garbage Collection Basics",
    url = "https://www.oracle.com/webfolder/technetwork/tutorials/obe/java/gc01/index.html"
}

@online{ORACLE_CMS,
    author = "Oracle",
    title = "Concurrent Mark Sweep (CMS) Collector",
    url = "https://docs.oracle.com/javase/9/gctuning/concurrent-mark-sweep-cms-collector.htm"
}

@online{ORACLE_G1,
    author = "Oracle",
    title = "Garbage-First Garbage Collector",
    url = "https://docs.oracle.com/javase/9/gctuning/garbage-first-garbage-collector.htm"
}

@online{ORACLE_PARALLEL,
    author = "Oracle",
    title = "The Parallel Collector",
    url = "https://docs.oracle.com/javase/9/gctuning/parallel-collector1.htm"
}

@online{ORACLE_AVAILABLE,
    author = "Oracle",
    title = "Available Collectors",
    url = "https://docs.oracle.com/javase/8/docs/technotes/guides/vm/gctuning/collectors.html",
}

@online{ORACLE_GENERATIONS,
    author = "Oracle",
    title = "Generations",
    url = "https://docs.oracle.com/javase/8/docs/technotes/guides/vm/gctuning/generations.html",
}

@online(PLUMBR_BLOG,
    author = "Nikita Salnikov-Tarnovski",
    title = "Plumbr Blog",
    url = "https://plumbr.io/blog",
}

@online(AQR_RELIABILITY,
    author = "Association for Qualitative Research",
    title = "Definition: Reliability",
    url = "https://www.aqr.org.uk/glossary/reliability",
}
